                  @article{krauss10,
  author    = {Alexander Krauss},
  title     = {Partial and Nested Recursive Function Definitions in Higher-order
               Logic},
  journal   = {J. Autom. Reasoning},
  volume    = {44},
  number    = {4},
  pages     = {303--336},
  year      = {2010},
  url       = {https://doi.org/10.1007/s10817-009-9157-2},
  doi       = {10.1007/s10817-009-9157-2},
  timestamp = {Sat, 20 May 2017 00:22:31 +0200},
  biburl    = {https://dblp.org/rec/journals/jar/Krauss10.bib},
  bibsource = {dblp computer science bibliography, https://dblp.org}
}

@Manual{coq,
  title =        {The Coq proof assistant reference manual},
  author =       {\mbox{The Coq development team}},
  organization = {LogiCal Project},
  note =         {Version 8.13.2},
  year =         {2021},
  url =          "http://coq.inria.fr"
}

@Manual{agda,
  title =        {Agda},
  author =       {The Agda development team},
  note =         {Version 2.6.2.1},
  year =         {2021},
  url =          "https://agda.readthedocs.io/en/v2.6.2.1/"
}

                  
@inproceedings{lean,
  author    = {Leonardo de Moura and
               Sebastian Ullrich},
  editor    = {Andr{\'{e}} Platzer and
               Geoff Sutcliffe},
  title     = {The Lean 4 Theorem Prover and Programming Language},
  booktitle = {Automated Deduction - {CADE} 28 - 28th International Conference on
               Automated Deduction, Virtual Event, July 12-15, 2021, Proceedings},
  series    = {Lecture Notes in Computer Science},
  volume    = {12699},
  pages     = {625--635},
  publisher = {Springer},
  year      = {2021},
  url       = {https://doi.org/10.1007/978-3-030-79876-5\_37},
  doi       = {10.1007/978-3-030-79876-5\_37},
  timestamp = {Thu, 29 Jul 2021 13:42:16 +0200},
  biburl    = {https://dblp.org/rec/conf/cade/Moura021.bib},
  bibsource = {dblp computer science bibliography, https://dblp.org}
}
@misc{isabelle-hol,
  author={Naraschewski, Wolfgang and Nipkow, Tobias},
  title={Isabelle/HOL},
  year={2020},
  url={http://www.cl.cam.ac.uk/research/hvg/Isabelle/},
} 
@manual{krauss,
title={{Defining Recursive Functions in Isabelle/HOL}},
author="Alexander Krauss",
url={https://isabelle.in.tum.de/doc/functions.pdf}}